@article{babbush2018,
  title={Encoding Electronic Spectra in Quantum Circuits with Linear T Complexity},
  author={Babbush, Ryan and Gidney, Craig and Berry, Dominic W and Wiebe, Nathan and McClean, Jarrod and Paler, Alexandru and Fowler, Austin and Neven, Hartmut},
  journal={arXiv preprint arXiv:1805.03662},
  year={2018}
}

@ARTICLE{Brav98,
 author={S. B. Bravyi and A. Yu. Kitaev},
 title={Quantum codes on a lattice with boundary},
 journal={quant-ph/9811052},
 year={1998},
 url={https://arxiv.org/abs/quant-ph/9811052},
}

@article{bravyi2005,
  title={Universal quantum computation with ideal Clifford gates and noisy ancillas},
  author={Bravyi, Sergey and Kitaev, Alexei},
  journal={Physical Review A},
  volume={71},
  number={2},
  pages={022316},
  year={2005},
  publisher={APS}
}

@article{bravyi2012,
  title={Magic-state distillation with low overhead},
  author={Bravyi, Sergey and Haah, Jeongwan},
  journal={Physical Review A},
  volume={86},
  number={5},
  pages={052329},
  year={2012},
  publisher={APS}
}

@article{bocharov2014,
  title={Efficient synthesis of universal Repeat-Until-Success circuits. arXiv preprint},
  author={Bocharov, Alex and Roetteler, Martin and Krysta, M Svore},
  journal={arXiv preprint arXiv:1404.5320},
  year={2014}
}

@article{campbell2011catalysis,
  title={Catalysis and activation of magic states in fault-tolerant architectures},
  author={Campbell, Earl T},
  journal={Physical Review A},
  volume={83},
  number={3},
  pages={032317},
  year={2011},
  publisher={APS}
}

@article{campbell2017,
  title={Unified framework for magic state distillation and multiqubit gate synthesis with reduced resource cost},
  author={Campbell, Earl T and Howard, Mark},
  journal={Physical Review A},
  volume={95},
  number={2},
  pages={022316},
  year={2017},
  publisher={APS}
}

@article{campbell2018,
  title={Magic state parity-checker with pre-distilled components},
  author={Campbell, Earl T and Howard, Mark},
  journal={Quantum},
  volume={2},
  pages={56},
  year={2018},
  publisher={Verein zur F{\"o}rderung des Open Access Publizierens in den Quantenwissenschaften}
}

@article{de2017,
  title={The ZX calculus is a language for surface code lattice surgery},
  author={de Beaudrap, Niel and Horsman, Dominic},
  journal={arXiv preprint arXiv:1704.08670},
  year={2017}
}

@ARTICLE{Denn02,
 author={E. Dennis and A. Kitaev and A. Landahl and J. Preskill},
 title={Topological quantum memory},
 journal={J. Math. Phys.},
 volume={43},
 year={2002},
 pages={4452--4505},
 note={quant-ph/0110143},
 url={https://doi.org/10.1063/1.1499754},
}

@article{eastin2013distilling,
  title={Distilling one-qubit magic states into Toffoli states},
  author={Eastin, Bryan},
  journal={Physical Review A},
  volume={87},
  number={3},
  pages={032321},
  year={2013},
  publisher={APS}
}

@article{fowler2012,
  title={A bridge to lower overhead quantum computation},
  author={Fowler, Austin G and Devitt, Simon J},
  journal={arXiv preprint arXiv:1209.0510},
  year={2012}
}

@article{fowler2012bridge,
  title={A bridge to lower overhead quantum computation},
  author={Fowler, Austin G and Devitt, Simon J},
  journal={arXiv preprint arXiv:1209.0510},
  year={2012}
}

@ARTICLE{Fowl12f,
 author={A. G. Fowler and M. Mariantoni and J. M. Martinis and A. N. Cleland},
 title={Surface codes: Towards practical large-scale quantum computation},
 journal={Phys. Rev. A},
 volume={86},
 year={2012},
 pages={032324},
 note={arXiv:1208.0928},
 url={https://doi.org/10.1103/PhysRevA.86.032324},
}

@article{fowler2013,
  title={Surface code implementation of block code state distillation},
  author={Fowler, Austin G and Devitt, Simon J and Jones, Cody},
  journal={Scientific reports},
  volume={3},
  pages={1939},
  year={2013},
  publisher={Nature Publishing Group}
}

@article{fowler2018,
  title={Low overhead quantum computation using lattice surgery},
  author={Fowler, Austin G and Gidney, Craig},
  journal={arXiv preprint arXiv:1808.06709},
  year={2018}
}

@article{gidney2018,
  title={Halving the cost of quantum addition},
  author={Gidney, Craig},
  journal={Quantum},
  volume={2},
  pages={74},
  year={2018},
  publisher={Verein zur F{\"o}rderung des Open Access Publizierens in den Quantenwissenschaften}
}

@article{gottesman1999,
  title={Demonstrating the viability of universal quantum computation using teleportation and single-qubit operations},
  author={Gottesman, Daniel and Chuang, Isaac L},
  journal={Nature},
  volume={402},
  number={6760},
  pages={390},
  year={1999},
  publisher={Nature Publishing Group}
}

@article{horsman2012,
  title={Surface code quantum computing by lattice surgery},
  author={Horsman, Clare and Fowler, Austin G and Devitt, Simon and Van Meter, Rodney},
  journal={New Journal of Physics},
  volume={14},
  number={12},
  pages={123011},
  year={2012},
  publisher={IOP Publishing}
}

@article{howard2017,
  title={Application of a resource theory for magic states to fault-tolerant quantum computing},
  author={Howard, Mark and Campbell, Earl},
  journal={Physical review letters},
  volume={118},
  number={9},
  pages={090501},
  year={2017},
  publisher={APS}
}

@article{jonathan1999,
  title={Entanglement-assisted local manipulation of pure quantum states},
  author={Jonathan, Daniel and Plenio, Martin B},
  journal={Physical Review Letters},
  volume={83},
  number={17},
  pages={3566},
  year={1999},
  publisher={APS}
}

@article{jones2013,
  title={Low-overhead constructions for the fault-tolerant Toffoli gate},
  author={Jones, Cody},
  journal={Physical Review A},
  volume={87},
  number={2},
  pages={022328},
  year={2013},
  publisher={APS}
}

@book{kitaev2002,
  title={Classical and quantum computation},
  author={Kitaev, Alexei Yu and Shen, Alexander and Vyalyi, Mikhail N and Vyalyi, Mikhail N},
  number={47},
  year={2002},
  pages={133},
  publisher={American Mathematical Soc.}
}

@article{landahl2013complex,
  title={Complex instruction set computing architecture for performing accurate quantum $ Z $ rotations with less magic},
  author={Landahl, Andrew J and Cesare, Chris},
  journal={arXiv preprint arXiv:1302.3240},
  year={2013}
}

@article{li2015,
  title={A magic stateâ€™s fidelity can be superior to the operations that created it},
  author={Li, Ying},
  journal={New Journal of Physics},
  volume={17},
  number={2},
  pages={023037},
  year={2015},
  publisher={IOP Publishing}
}

@article{litinski2018,
  title={A game of surface codes: Large-scale quantum computing with lattice surgery},
  author={Litinski, Daniel},
  journal={arXiv preprint arXiv:1808.02892},
  year={2018}
}

@article{mishra2014,
  title={Resource comparison of two surface code implementations of small angle Z rotations},
  author={Mishra, Prashant and Fowler, Austin},
  journal={arXiv preprint arXiv:1406.4948},
  year={2014}
}

@article{nam2018,
  title={Approximate Quantum Fourier Transform with O(n log(n)) T gates},
  author={Nam, Yunseong and Su, Yuan and Maslov, Dmitri},
  journal={arXiv preprint arXiv:1803.04933},
  year={2018}
}

@article{paterson2010,
  title={Yet another hat game},
  author={Paterson, Maura B and Stinson, Douglas R},
  journal={the electronic journal of combinatorics},
  volume={17},
  number={1},
  pages={R86},
  year={2010}
}

@article{proos2003shor,
  title={Shor's discrete logarithm quantum algorithm for elliptic curves},
  author={Proos, John and Zalka, Christof},
  journal={arXiv preprint quant-ph/0301141},
  year={2003}
}

@ARTICLE{Raus07,
 author={R. Raussendorf and J. Harrington},
 title={Fault-Tolerant Quantum Computation with High Threshold in Two Dimensions},
 journal={Phys. Rev. Lett.},
 volume={98},
 pages={190504},
 year={2007},
 note={quant-ph/0610082},
 url={https://doi.org/10.1103/PhysRevLett.98.190504},
}

@ARTICLE{Raus07d,
 author={R. Raussendorf and J. Harrington and K. Goyal},
 title={Topological fault-tolerance in cluster state quantum computation},
 journal={New J. Phys.},
 volume={9},
 pages={199},
 year={2007},
 note={quant-ph/0703143},
 url={https://doi.org/10.1088/1367-2630/9/6/199},
}

@inproceedings{shor1994,
  title={Algorithms for quantum computation: Discrete logarithms and factoring},
  author={Shor, Peter W},
  booktitle={Foundations of Computer Science, 1994 Proceedings., 35th Annual Symposium on},
  pages={124--134},
  year={1994},
  organization={Ieee}
}

@article{zalka1998fast,
  title={Fast versions of Shor's quantum factoring algorithm},
  author={Zalka, Christof},
  journal={arXiv preprint quant-ph/9806084},
  year={1998}
}
